<record><leader>00000cas a2200000 i 4500</leader><controlfield tag="001">8807668</controlfield><controlfield tag="008">820925d18541925inuwr ne      0    0eng  </controlfield><datafield ind1=" " ind2=" " tag="010"><subfield code="a">sn 82015402 </subfield></datafield><datafield ind1=" " ind2=" " tag="040"><subfield code="a">DLC</subfield><subfield code="b">eng</subfield><subfield code="e">rda</subfield><subfield code="c">DLC</subfield><subfield code="d">NPX</subfield><subfield code="d">NPU</subfield><subfield code="d">NPX</subfield><subfield code="d">NPY</subfield><subfield code="d">NPI</subfield><subfield code="d">DLC</subfield><subfield code="d">KNP</subfield><subfield code="d">OCL</subfield><subfield code="d">OCLCQ</subfield><subfield code="d">OCLCF</subfield><subfield code="d">OCLCO</subfield><subfield code="d">IUL</subfield><subfield code="d">OCL</subfield></datafield><datafield ind1=" " ind2=" " tag="042"><subfield code="a">pcc</subfield></datafield><datafield ind1=" " ind2=" " tag="043"><subfield code="a">n-us-in</subfield></datafield><datafield ind1="0" ind2="0" tag="050"><subfield code="a">Newspaper 7701-X</subfield></datafield><datafield ind1="0" ind2=" " tag="130"><subfield code="a">Sullivan Democrat (Sullivan, Ind. : 1854)</subfield></datafield><datafield ind1="1" ind2="0" tag="245"><subfield code="a">Sullivan Democrat.</subfield></datafield><datafield ind1="3" ind2="0" tag="246"><subfield code="a">Daily times</subfield></datafield><datafield ind1="1" ind2="3" tag="246"><subfield code="a">Sullivan Democrat and the Sullivan times</subfield></datafield><datafield ind1=" " ind2="1" tag="264"><subfield code="a">Sullivan, Ind. :</subfield><subfield code="b">Murray Briggs</subfield></datafield><datafield ind1=" " ind2=" " tag="300"><subfield code="a">volumes ;</subfield><subfield code="c">55 cm</subfield></datafield><datafield ind1=" " ind2=" " tag="310"><subfield code="a">Weekly</subfield></datafield><datafield ind1=" " ind2=" " tag="336"><subfield code="a">text</subfield><subfield code="b">txt</subfield><subfield code="2">rdacontent</subfield></datafield><datafield ind1=" " ind2=" " tag="337"><subfield code="a">unmediated</subfield><subfield code="b">n</subfield><subfield code="2">rdamedia</subfield></datafield><datafield ind1=" " ind2=" " tag="338"><subfield code="a">volume</subfield><subfield code="b">nc</subfield><subfield code="2">rdacarrier</subfield></datafield><datafield ind1="1" ind2=" " tag="362"><subfield code="a">Began in Aug. 1854; ceased in June 1925?</subfield></datafield><datafield ind1=" " ind2=" " tag="500"><subfield code="a">Masthead for Mar. 17, 1904-June 22, 1905 has subtitle: And the Sullivan times.</subfield></datafield><datafield ind1=" " ind2=" " tag="500"><subfield code="a">Special edition called: Daily times published Sept. 7-11, 1886 during the week of the 1886 Sullivan County fair.</subfield></datafield><datafield ind1=" " ind2=" " tag="500"><subfield code="a">"Democratic."</subfield></datafield><datafield ind1=" " ind2=" " tag="515"><subfield code="a">Suspended briefly after the 1854 election.</subfield></datafield><datafield ind1=" " ind2=" " tag="588"><subfield code="a">Description based on: Vol. 1, no. 25 (April 7, 1855); title from masthead, U.S. Newspaper Archive (viewed June 12, 2017).</subfield></datafield><datafield ind1=" " ind2=" " tag="588"><subfield code="a">Latest issue consulted: Volume XLVIII, number 41 (December 28, 1922); U.S. Newspaper Archive (viewed June 12, 2017).</subfield></datafield><datafield ind1=" " ind2="0" tag="651"><subfield code="a">Sullivan (Ind.)</subfield><subfield code="v">Newspapers.</subfield></datafield><datafield ind1=" " ind2="0" tag="651"><subfield code="a">Sullivan County (Ind.)</subfield><subfield code="v">Newspapers.</subfield></datafield><datafield ind1=" " ind2="7" tag="651"><subfield code="a">Indiana</subfield><subfield code="z">Sullivan County.</subfield><subfield code="2">fast</subfield><subfield code="0">(OCoLC)fst01219904</subfield></datafield><datafield ind1=" " ind2="7" tag="651"><subfield code="a">Indiana</subfield><subfield code="z">Sullivan.</subfield><subfield code="2">fast</subfield><subfield code="0">(OCoLC)fst01229227</subfield></datafield><datafield ind1=" " ind2="7" tag="655"><subfield code="a">Newspapers.</subfield><subfield code="2">fast</subfield><subfield code="0">(OCoLC)fst01423814</subfield></datafield><datafield ind1=" " ind2=" " tag="752"><subfield code="a">United States</subfield><subfield code="b">Indiana</subfield><subfield code="c">Sullivan</subfield><subfield code="d">Sullivan.</subfield></datafield><datafield ind1="0" ind2="5" tag="780"><subfield code="t">Sullivan times</subfield><subfield code="w">(DLC)sn 86059071</subfield><subfield code="w">(OCoLC)14814261</subfield></datafield><datafield ind1="0" ind2="4" tag="785"><subfield code="t">Sullivan daily times</subfield><subfield code="w">(DLC)sn 86059075</subfield><subfield code="w">(OCoLC)14814225</subfield></datafield><datafield ind1="4" ind2="1" tag="856"><subfield code="u">https://access.newspaperarchive.com/us/indiana/sullivan/sullivan-daily-times/</subfield></datafield><datafield ind1="4" ind2="1" tag="856"><subfield code="u">https://access.newspaperarchive.com/us/indiana/sullivan/sullivan-democrat/</subfield></datafield></record>